<record><leader>00000cas a22000007a 4500</leader><controlfield tag="001">12041512</controlfield><controlfield tag="008">850516d18uu1uuupauuu ne      0    0eng d</controlfield><datafield ind1=" " ind2=" " tag="010"><subfield code="a">sn 85054585 </subfield></datafield><datafield ind1=" " ind2=" " tag="040"><subfield code="a">NPH</subfield><subfield code="b">eng</subfield><subfield code="c">NPH</subfield><subfield code="d">OCLCQ</subfield></datafield><datafield ind1=" " ind2=" " tag="042"><subfield code="a">msc</subfield></datafield><datafield ind1="0" ind2="4" tag="245"><subfield code="a">The Woodland item.</subfield></datafield><datafield ind1=" " ind2=" " tag="260"><subfield code="a">Woodland, Pa. :</subfield><subfield code="b">[s.n.]</subfield></datafield><datafield ind1=" " ind2=" " tag="300"><subfield code="a">v. ;</subfield><subfield code="c">46 cm.</subfield></datafield><datafield ind1=" " ind2=" " tag="588"><subfield code="a">Description based on: Vol. 1, no. 3 (May 29, 1891).</subfield></datafield><datafield ind1=" " ind2=" " tag="752"><subfield code="a">United States</subfield><subfield code="b">Pennsylvania</subfield><subfield code="c">Clearfield</subfield><subfield code="d">Woodland.</subfield></datafield></record>